<?xml version="1.0" encoding="UTF-8"?><collection xmlns="http://www.loc.gov/MARC21/slim"><record><leader>00474nam--2200181-u-4500</leader><controlfield tag="001">000053006</controlfield><controlfield tag="002">20161230</controlfield><controlfield tag="005">20161230201050</controlfield><controlfield tag="008">101221s1000------------r-----000-0-rus-d</controlfield><datafield ind1=" " ind2=" " tag="040"><subfield code="a">IFIN-HH</subfield></datafield><datafield ind1=" " ind2=" " tag="041"><subfield code="a">rus</subfield></datafield><datafield ind1=" " ind2=" " tag="080"><subfield code="a">535.33(083.4)</subfield></datafield><datafield ind1="1" ind2=" " tag="110"><subfield code="a">Cehoslovatkoi Akademii Nauk</subfield></datafield><datafield ind1="1" ind2="0" tag="245"><subfield code="a">Tabliti covpadenii po atomnoi spektroskopii</subfield></datafield><datafield ind1=" " ind2=" " tag="260"><subfield code="a">Praga</subfield><subfield code="b">Cehoslovatkoi Akademii Nauk</subfield><subfield code="c">1964</subfield></datafield><datafield ind1=" " ind2=" " tag="300"><subfield code="a">1136P</subfield></datafield><datafield ind1=" " ind2=" " tag="852"><subfield code="a">77323</subfield><subfield code="c">535.33</subfield></datafield><datafield ind1=" " ind2=" " tag="CAT"><subfield code="a">Sys</subfield><subfield code="c">20101221</subfield><subfield code="h">131655</subfield></datafield></record></collection>